% Identity defenitions
% I've ordered them alphabetically. We'll see how long that lasts...
@misc{asexual-def,
    author = "asexual",
    title = "{Merriam-Webster}",
    howpublished = "https://www.merriam-webster.com/dictionary/asexual",
    year = "2020"
}

@misc{bisexual-def,
    author = "bisexual",
    title = "{Merriam-Webster}",
    howpublished = "https://www.merriam-webster.com/dictionary/bisexual",
    year = "2020"
}

@misc{gay-def,
    author = "gay",
    title = "{Merriam-Webster}",
    howpublished = "https://www.merriam-webster.com/dictionary/gay",
    year = "2020"
}

@misc{gender-fluid-def,
    author = "gender fluid",
    title = "{Merriam-Webster}",
    howpublished = "https://www.merriam-webster.com/dictionary/gender\%20fluid",
    year = 2020
}

@misc{lesbian-def,
    author = "lesbian",
    title = "{Merriam-Webster}",
    howpublished = "https://www.merriam-webster.com/dictionary/lesbian",
    year = 2020
}

@misc{nonbinary-def,
    author = "nonbinary",
    title = "{Merriam-Webster}",
    howpublished = "https://www.merriam-webster.com/dictionary/nonbinary",
    year = 2020
}

@misc{pansexual-def,
    author = "pansexual",
    title = "{Merriam-Webster}",
    howpublished = "https://www.merriam-webster.com/dictionary/pansexual",
    year = 2020
}

@misc{transgender-def,
    author = "transgender",
    title = "{Merriam-Webster}",
    howpublished = "https://www.merriam-webster.com/dictionary/transgender",
    year = 2020
}


% Flag citations
@misc{gay-flag,
   author = "Wikimedia Commons",
   title = "File:Gay Pride Flag.svg --- Wikimedia Commons{,} the free media repository",
   year = "2020",
   url = "https://commons.wikimedia.org/w/index.php?title=File:Gay_Pride_Flag.svg&oldid=412650451",
note = "[Online; accessed
27-April-2020

]"
 }

@misc{transgender-flag,
   author = "Wikimedia Commons",
   title = "File:Transgender Pride flag.svg --- Wikimedia Commons{,} the free media repository",
   year = "2020",
   url = "https://commons.wikimedia.org/w/index.php?title=File:Transgender_Pride_flag.svg&oldid=409705842",
note = "[Online; accessed
27-April-2020

]"
 }

@misc{bisexual-flag,
   author = "Wikimedia Commons",
   title = "File:Bisexual Pride Flag.svg --- Wikimedia Commons{,} the free media repository",
   year = "2020",
   url = "https://commons.wikimedia.org/w/index.php?title=File:Bisexual_Pride_Flag.svg&oldid=410257565",
note = "[Online; accessed
27-April-2020

]"
 }

@misc{pansexual-flag,
   author = "Wikimedia Commons",
   title = "File:Pansexuality Pride Flag.svg --- Wikimedia Commons{,} the free media repository",
   year = "2019",
   url = "https://commons.wikimedia.org/w/index.php?title=File:Pansexuality_Pride_Flag.svg&oldid=368157640",
note = "[Online; accessed
27-April-2020

]"
 }

@misc{ asexual-flag,
   author = "Wikimedia Commons",
   title = "File:Asexual Pride Flag.svg --- Wikimedia Commons{,} the free media repository",
   year = "2019",
   url = "https://commons.wikimedia.org/w/index.php?title=File:Asexual_Pride_Flag.svg&oldid=368157526",
note = "[Online; accessed
27-April-2020

]"
 }

@misc{lesbian-flag-2019,
   author = "Wikimedia Commons",
   title = "File:Lesbian Pride Flag 2019.svg --- Wikimedia Commons{,} the free media repository",
   year = "2020",
   url = "https://commons.wikimedia.org/w/index.php?title=File:Lesbian_Pride_Flag_2019.svg&oldid=399376637",
note = "[Online; accessed
27-April-2020

]"
 }

@misc{lipstick-lesbian-flag,
   author = "Wikimedia Commons",
   title = "File:Lipstick Lesbian flag without lips.svg --- Wikimedia Commons{,} the free media repository",
   year = "2020",
   url = "https://commons.wikimedia.org/w/index.php?title=File:Lipstick_Lesbian_flag_without_lips.svg&oldid=384681229",
note = "[Online; accessed
27-April-2020

]"
 }

@misc{ sapphic-lesbian-flag,
   author = "Wikimedia Commons",
   title = "File:Sapphic Flag.jpg --- Wikimedia Commons{,} the free media repository",
   year = "2020",
   url = "https://commons.wikimedia.org/w/index.php?title=File:Sapphic_Flag.jpg&oldid=396435217",
note = "[Online; accessed
27-April-2020

]"
 }

@misc{ nonbinary-flag,
   author = "Wikimedia Commons",
   title = "File:Nonbinary flag.svg --- Wikimedia Commons{,} the free media repository",
   year = "2020",
   url = "https://commons.wikimedia.org/w/index.php?title=File:Nonbinary_flag.svg&oldid=392227548",
note = "[Online; accessed
27-April-2020

]"
 }

@misc{ gender-fluid-flag,
   author = "Wikimedia Commons",
   title = "File:Genderfluidity Pride-Flag.svg --- Wikimedia Commons{,} the free media repository",
   year = "2019",
   url = "https://commons.wikimedia.org/w/index.php?title=File:Genderfluidity_Pride-Flag.svg&oldid=372806908",
note = "[Online; accessed
27-April-2020

]"
 }
